<?xml version="1.0" encoding="UTF-8"?><collection xmlns="http://www.loc.gov/MARC21/slim"><record><leader>00522nam--2200181-u-4500</leader><controlfield tag="001">000056809</controlfield><controlfield tag="002">20191023</controlfield><controlfield tag="005">20191023034953</controlfield><controlfield tag="008">191023s1000------------r-----000-0-eng-d</controlfield><datafield ind1=" " ind2=" " tag="041"><subfield code="a">eng</subfield></datafield><datafield ind1="1" ind2=" " tag="100"><subfield code="a">Ciupina, V</subfield></datafield><datafield ind1="1" ind2="0" tag="245"><subfield code="a">8th International Balkan Workshop and Applied Physics</subfield><subfield code="c">V.Ciupina, H.Alexandru,M.A.Girtu (eds.)</subfield></datafield><datafield ind1=" " ind2=" " tag="260"><subfield code="a">Constanta</subfield><subfield code="b">Ovidius University Press</subfield><subfield code="c">2007</subfield></datafield><datafield ind1=" " ind2=" " tag="300"><subfield code="a">249 p</subfield></datafield><datafield ind1=" " ind2=" " tag="500"><subfield code="a">donatie Gheorghe Dinescu</subfield></datafield><datafield ind1="1" ind2=" " tag="700"><subfield code="a">Girtu, M.A</subfield></datafield><datafield ind1=" " ind2=" " tag="852"><subfield code="a">82739</subfield><subfield code="c">061,3</subfield></datafield><datafield ind1=" " ind2=" " tag="CAT"><subfield code="a">SYS</subfield><subfield code="c">20191023</subfield><subfield code="h">034953</subfield></datafield></record></collection>